@article{example1,
  title={Example Article Title},
  author={Author, A. and Author, B.},
  journal={Journal Name},
  volume={1},
  number={1},
  pages={1--10},
  year={2024}
}

@inproceedings{example2,
  title={Example Conference Paper},
  author={Author, C. and Author, D.},
  booktitle={Conference Name},
  pages={11--20},
  year={2024},
  organization={Organization Name}
} 